@article{dunin-barkowski,
  title={Lattice theta constants vs Riemann theta constants and NSR superstring measures},
  author={Dunin-Barkowski, P and Morozov, A and Sleptsov, A},
  journal={Journal of High Energy Physics},
  volume={2009},
  number={10},
  pages={072},
  year={2009},
  publisher={IOP Publishing}
}

@book{conway,
    author = "N.J.A. Sloane and J.H. Conway",
    title = "Sphere Packings, Lattices and Groups",
    publisher = "Springer New York, NY",
    year = 1999
}

@misc{salvati-manni,
    author = "Riccardo Salvati-Manni",
    title = "Remarks on superstring amplitudes in higher genus",
    year = 2008
}

@book{mumford-theta,
    author = "David Mumford",
    title = "Lectures on theta functions (in Russian)",
    year = 1988,
}

@article{opsmy,
  title={Modular forms of weight 8 for $\Gamma_g (1, 2)$},
  author={Oura, Manabu and Poor, Cris and Manni, Riccardo Salvati and Yuen, David S},
  journal={Mathematische Annalen},
  volume={346},
  pages={477--498},
  year={2010},
  publisher={Springer}
}

@article{morozov,
  title={NSR superstring measures revisited},
  author={Morozov, A},
  journal={Journal of High Energy Physics},
  volume={2008},
  number={05},
  pages={086},
  year={2008},
  publisher={IOP Publishing}
}

@article{grushevsky,
  title={Superstring scattering amplitudes in higher genus},
  author={Grushevsky, Samuel},
  journal={Communications in mathematical physics},
  volume={287},
  number={2},
  pages={749--767},
  year={2009},
  publisher={Springer}
}